@book{quevedo2009,
  author    = {Héctor Quevedo Urias and Blanca Rosa Pérez Salvador},
  title     = {Estadística para Ingeniería y Ciencias},
  publisher = {Patria},
  year      = {2009},
  address   = {México},
  isbn      = {9786073015000}
}
